<record><leader>00000cas a2200000 a 4500</leader><controlfield tag="001">24609926</controlfield><controlfield tag="008">911023d194319uuilumr ne      0    0eng c</controlfield><datafield ind1=" " ind2=" " tag="010"><subfield code="a">  2012271025</subfield></datafield><datafield ind1=" " ind2=" " tag="040"><subfield code="a">NPH</subfield><subfield code="b">eng</subfield><subfield code="c">NPH</subfield><subfield code="d">OCLCQ</subfield><subfield code="d">NVF</subfield><subfield code="d">OCLCO</subfield></datafield><datafield ind1=" " ind2=" " tag="042"><subfield code="a">pcc</subfield></datafield><datafield ind1=" " ind2=" " tag="043"><subfield code="a">n-us-il</subfield></datafield><datafield ind1="0" ind2="4" tag="245"><subfield code="a">The Voice of Sangamon.</subfield></datafield><datafield ind1=" " ind2=" " tag="260"><subfield code="a">Illiopolis, Ill. :</subfield><subfield code="b">Employees of Sangamon Ordnance Plant,</subfield><subfield code="c">1943-[19--?].</subfield></datafield><datafield ind1=" " ind2=" " tag="300"><subfield code="a">v. :</subfield><subfield code="b">ill.</subfield></datafield><datafield ind1=" " ind2=" " tag="310"><subfield code="a">Monthly,</subfield><subfield code="b">Dec. 1945-</subfield></datafield><datafield ind1=" " ind2=" " tag="321"><subfield code="a">Semimonthly,</subfield><subfield code="b">Mar. 1, 1943-Nov. 15, 1944.</subfield></datafield><datafield ind1="0" ind2=" " tag="362"><subfield code="a">Vol. 1, no. 1 (Mar. 1, 1943)-</subfield></datafield><datafield ind1=" " ind2=" " tag="588"><subfield code="a">Latest issue consulted: Aug. 1945.</subfield></datafield><datafield ind1="2" ind2="0" tag="610"><subfield code="a">Sangamon Ordnance Plant</subfield><subfield code="v">Newspapers.</subfield></datafield><datafield ind1=" " ind2="0" tag="650"><subfield code="a">Ordnance</subfield><subfield code="z">Illinois</subfield><subfield code="z">Sangamon</subfield><subfield code="z">Illiopolis</subfield><subfield code="x">Manufacture</subfield><subfield code="v">Newspapers.</subfield></datafield><datafield ind1=" " ind2="0" tag="651"><subfield code="a">Sangamon County (Ill.)</subfield><subfield code="v">Newspapers.</subfield></datafield><datafield ind1="2" ind2=" " tag="710"><subfield code="a">Sangamon Ordnance Plant.</subfield></datafield><datafield ind1=" " ind2=" " tag="752"><subfield code="a">United States</subfield><subfield code="b">Illinois</subfield><subfield code="c">Sangamon</subfield><subfield code="d">Illiopolis.</subfield></datafield><datafield ind1="0" ind2="0" tag="780"><subfield code="a">Sangamon Ordinance Plant newsletter</subfield></datafield></record>